<record><leader>00000cas a2200000 i 4500</leader><controlfield tag="001">905541506</controlfield><controlfield tag="008">150324u199uuuuuutuwr n       0    0eng c</controlfield><datafield ind1=" " ind2=" " tag="010"><subfield code="a">  2015269220</subfield></datafield><datafield ind1=" " ind2=" " tag="040"><subfield code="a">UBY</subfield><subfield code="b">eng</subfield><subfield code="e">rda</subfield><subfield code="c">UBY</subfield><subfield code="d">OCLCO</subfield><subfield code="d">OCLCF</subfield><subfield code="d">OCLCA</subfield><subfield code="d">OCLCQ</subfield><subfield code="d">OCLCO</subfield></datafield><datafield ind1=" " ind2=" " tag="042"><subfield code="a">pcc</subfield></datafield><datafield ind1=" " ind2=" " tag="043"><subfield code="a">n-us-ut</subfield></datafield><datafield ind1=" " ind2="4" tag="050"><subfield code="a">GV691.B75</subfield><subfield code="b">C67</subfield></datafield><datafield ind1="0" ind2="0" tag="245"><subfield code="a">Cougar nation.</subfield></datafield><datafield ind1="1" ind2=" " tag="246"><subfield code="a">Cougarnation</subfield></datafield><datafield ind1=" " ind2="1" tag="264"><subfield code="a">Provo, UT :</subfield><subfield code="b">The Daily Herald</subfield></datafield><datafield ind1=" " ind2=" " tag="300"><subfield code="a">volumes :</subfield><subfield code="b">color illustrations ;</subfield><subfield code="c">31 cm</subfield></datafield><datafield ind1=" " ind2=" " tag="310"><subfield code="a">Weekly</subfield></datafield><datafield ind1=" " ind2=" " tag="336"><subfield code="a">text</subfield><subfield code="b">txt</subfield><subfield code="2">rdacontent</subfield></datafield><datafield ind1=" " ind2=" " tag="337"><subfield code="a">unmediated</subfield><subfield code="b">n</subfield><subfield code="2">rdamedia</subfield></datafield><datafield ind1=" " ind2=" " tag="338"><subfield code="a">volume</subfield><subfield code="b">nc</subfield><subfield code="2">rdacarrier</subfield></datafield><datafield ind1=" " ind2=" " tag="588"><subfield code="a">Description based on: Vol. 1, no. 15 (March 10-16, 1999); title from cover.</subfield></datafield><datafield ind1=" " ind2=" " tag="588"><subfield code="a">Latest issue consulted: Vol. 2, no. 19 (Aug. 24-30, 1999).</subfield></datafield><datafield ind1="2" ind2="0" tag="610"><subfield code="a">Brigham Young University</subfield><subfield code="x">Sports</subfield><subfield code="v">Newspapers.</subfield></datafield><datafield ind1=" " ind2="0" tag="650"><subfield code="a">College sports</subfield><subfield code="z">Utah</subfield><subfield code="z">Provo</subfield><subfield code="v">Newspapers.</subfield></datafield><datafield ind1="2" ind2="7" tag="610"><subfield code="a">Brigham Young University.</subfield><subfield code="2">fast</subfield><subfield code="0">(OCoLC)fst00530465</subfield></datafield><datafield ind1=" " ind2="7" tag="650"><subfield code="a">College sports.</subfield><subfield code="2">fast</subfield><subfield code="0">(OCoLC)fst00867925</subfield></datafield><datafield ind1=" " ind2="7" tag="650"><subfield code="a">Sports.</subfield><subfield code="2">fast</subfield><subfield code="0">(OCoLC)fst01130432</subfield></datafield><datafield ind1=" " ind2="7" tag="651"><subfield code="a">Utah</subfield><subfield code="z">Provo.</subfield><subfield code="2">fast</subfield><subfield code="0">(OCoLC)fst01204536</subfield></datafield><datafield ind1=" " ind2="7" tag="655"><subfield code="a">Newspapers.</subfield><subfield code="2">fast</subfield><subfield code="0">(OCoLC)fst01423814</subfield></datafield><datafield ind1=" " ind2="7" tag="655"><subfield code="a">Newspapers.</subfield><subfield code="2">lcgft</subfield></datafield><datafield ind1=" " ind2=" " tag="752"><subfield code="a">United States</subfield><subfield code="b">Utah</subfield><subfield code="c">Utah County</subfield><subfield code="d">Provo.</subfield></datafield></record>